<?xml version="1.0" encoding="UTF-8"?><collection xmlns="http://www.loc.gov/MARC21/slim"><record><leader>00672nam--2200181-i-4500</leader><controlfield tag="001">000019489</controlfield><controlfield tag="002">20161230</controlfield><controlfield tag="005">20161230201033</controlfield><controlfield tag="008">060222s1000------------r-----000-0-eng-d</controlfield><datafield ind1=" " ind2=" " tag="040"><subfield code="a">IFIN-HH</subfield></datafield><datafield ind1=" " ind2=" " tag="080"><subfield code="a">539.12.01(061.3):530.12(061.3)</subfield></datafield><datafield ind1="1" ind2=" " tag="100"><subfield code="a">Svartholm, Nils</subfield></datafield><datafield ind1="1" ind2="0" tag="245"><subfield code="a">Elementary particle theory. relativistic groups and analyticity</subfield><subfield code="b">Proceedings of the eighth nobel symposium held may 19-25, 1968 at aspenasgarden, lerum, in the county of alvsborg, sweden</subfield><subfield code="c">Nils svartholm (edd.)</subfield></datafield><datafield ind1=" " ind2=" " tag="260"><subfield code="a">Stockholm</subfield><subfield code="b">Almqvist &amp; Wiksell</subfield><subfield code="c">1968</subfield></datafield><datafield ind1=" " ind2=" " tag="300"><subfield code="a">399 P</subfield></datafield><datafield ind1=" " ind2=" " tag="490"><subfield code="a">Proceedings. Nobel Symposium</subfield><subfield code="v">No. 8</subfield></datafield><datafield ind1=" " ind2=" " tag="852"><subfield code="a">39636</subfield><subfield code="c">539.12</subfield></datafield><datafield ind1=" " ind2=" " tag="CAT"><subfield code="a">Sys</subfield><subfield code="c">20111123</subfield><subfield code="h">123555</subfield></datafield></record></collection>